<?xml version="1.0" encoding="UTF-8"?>
<record xmlns="http://www.loc.gov/MARC21/slim" xmlns:xsi="http://www.w3.org/2001/XMLSchema-instance" xsi:schemaLocation="http://www.loc.gov/MARC21/slim http://www.loc.gov/standards/marcxml/schema/MARC21slim.xsd">
<leader>00000cam a22      a 4500</leader>
<controlfield tag="001">002849094</controlfield>
<controlfield tag="003">NNU</controlfield>
<controlfield tag="005">20151106175016.0</controlfield>
<controlfield tag="008">871016q19801987ir            000 0cara d</controlfield>
<datafield tag="035" ind1=" " ind2=" ">
<subfield code="a">(OCoLC)58548048</subfield>
</datafield>
<datafield tag="040" ind1=" " ind2=" ">
<subfield code="a">ZCU</subfield>
<subfield code="b">eng</subfield>
<subfield code="c">ZCU</subfield>
<subfield code="d">OCLCA</subfield>
<subfield code="d">OCLCQ</subfield>
<subfield code="d">OCLCO</subfield>
<subfield code="d">OCLCF</subfield>
<subfield code="d">OCLCO</subfield>
<subfield code="d">NNU</subfield>
</datafield>
<datafield tag="043" ind1=" " ind2=" ">
<subfield code="a">ar-----</subfield>
</datafield>
<datafield tag="050" ind1=" " ind2="4">
<subfield code="a">CS1129.A2</subfield>
<subfield code="b">S8 1980</subfield>
</datafield>
<datafield tag="100" ind1="1" ind2=" ">
<subfield code="6">880-01</subfield>
<subfield code="a">Suwaydī, Muḥammad Amīn,</subfield>
<subfield code="d">-1830 or 1831.</subfield>
</datafield>
<datafield tag="245" ind1="1" ind2="0">
<subfield code="6">880-02</subfield>
<subfield code="a">Sabāʼik al-dhahab fī maʻrifat qabāʼil al-ʻArab /</subfield>
<subfield code="c">li-Abī al-Fawz Muḥammad Amīn al-Baghdādī al-shahīr bi-al-Suwaydī.</subfield>
</datafield>
<datafield tag="260" ind1=" " ind2=" ">
<subfield code="6">880-03</subfield>
<subfield code="a">Qum :</subfield>
<subfield code="b">al-Maktabah al-ʻIlmīyah,</subfield>
<subfield code="c">[198-?]</subfield>
</datafield>
<datafield tag="300" ind1=" " ind2=" ">
<subfield code="a">120 pages ;</subfield>
<subfield code="c">28 cm</subfield>
</datafield>
<datafield tag="336" ind1=" " ind2=" ">
<subfield code="a">text</subfield>
<subfield code="b">txt</subfield>
<subfield code="2">rdacontent</subfield>
</datafield>
<datafield tag="337" ind1=" " ind2=" ">
<subfield code="a">unmediated</subfield>
<subfield code="b">n</subfield>
<subfield code="2">rdamedia</subfield>
</datafield>
<datafield tag="338" ind1=" " ind2=" ">
<subfield code="a">volume</subfield>
<subfield code="b">nc</subfield>
<subfield code="2">rdacarrier</subfield>
</datafield>
<datafield tag="651" ind1=" " ind2="0">
<subfield code="a">Arabian Peninsula</subfield>
<subfield code="v">Genealogy.</subfield>
</datafield>
<datafield tag="651" ind1=" " ind2="7">
<subfield code="a">Arabian Peninsula.</subfield>
<subfield code="2">fast</subfield>
<subfield code="0">(OCoLC)fst01240131</subfield>
</datafield>
<datafield tag="655" ind1=" " ind2="7">
<subfield code="a">Genealogy.</subfield>
<subfield code="2">fast</subfield>
<subfield code="0">(OCoLC)fst01423818</subfield>
</datafield>
<datafield tag="700" ind1="1" ind2=" ">
<subfield code="6">880-04</subfield>
<subfield code="a">Qalqashandī, Aḥmad ibn ʻAlī,</subfield>
<subfield code="d">1355 or 1356-1418.</subfield>
<subfield code="t">Nihāyat al-arab fī maʻrifat ansāb al-ʻArab.</subfield>
</datafield>
<datafield tag="880" ind1="1" ind2=" ">
<subfield code="6">100-01/</subfield>
<subfield code="a">سويدي، محمد امين،</subfield>
<subfield code="d">-1830 or 1831.</subfield>
</datafield>
<datafield tag="880" ind1="1" ind2="0">
<subfield code="6">245-02/</subfield>
<subfield code="a">سبائك الذهب في معرفة قبائل العرب /</subfield>
<subfield code="c">لابي الفوز محمد امين البغدادي الشهير بالسويدي.</subfield>
</datafield>
<datafield tag="880" ind1=" " ind2=" ">
<subfield code="6">260-03/</subfield>
<subfield code="a">قم :</subfield>
<subfield code="b">المكتبة العلمية،</subfield>
<subfield code="c">[198-?]</subfield>
</datafield>
<datafield tag="880" ind1="1" ind2=" ">
<subfield code="6">700-04/</subfield>
<subfield code="a">قلقشندي، احمد بن علي،</subfield>
<subfield code="d">1355 or 1356-1418.</subfield>
<subfield code="t">نهاية الارب في معرفة انساب العرب.</subfield>
</datafield>
<datafield tag="OWN" ind1=" " ind2=" ">
<subfield code="a">GENERAL</subfield>
</datafield>
<datafield tag="AVA" ind1=" " ind2=" ">
<subfield code="a">NYU50</subfield>
<subfield code="b">BOBST</subfield>
<subfield code="c">Main Collection</subfield>
<subfield code="d">CS1129.A2 S8 1980</subfield>
<subfield code="e">unavailable</subfield>
<subfield code="t">Unavailable</subfield>
<subfield code="f">1</subfield>
<subfield code="g">1</subfield>
<subfield code="h">N</subfield>
<subfield code="i">0</subfield>
<subfield code="j">MAIN</subfield>
<subfield code="k">0</subfield>
</datafield>
</record>
